%YAML 1.1
%TAG !u! tag:unity3d.com,2011:
--- !u!1 &3693321094335469856
GameObject:
  m_ObjectHideFlags: 0
  m_CorrespondingSourceObject: {fileID: 0}
  m_PrefabInstance: {fileID: 0}
  m_PrefabAsset: {fileID: 0}
  serializedVersion: 6
  m_Component:
  - component: {fileID: 3693321094335469881}
  - component: {fileID: 3693321094335469882}
  - component: {fileID: 3693321094335469883}
  - component: {fileID: 3693321094335469884}
  - component: {fileID: 3693321094335469885}
  - component: {fileID: 3693321094335469886}
  m_Layer: 9
  m_Name: Broken Block
  m_TagString: Untagged
  m_Icon: {fileID: 0}
  m_NavMeshLayer: 0
  m_StaticEditorFlags: 0
  m_IsActive: 1
--- !u!4 &3693321094335469881
Transform:
  m_ObjectHideFlags: 0
  m_CorrespondingSourceObject: {fileID: 0}
  m_PrefabInstance: {fileID: 0}
  m_PrefabAsset: {fileID: 0}
  m_GameObject: {fileID: 3693321094335469856}
  m_LocalRotation: {x: -0, y: -0.38268274, z: -0, w: 0.9238798}
  m_LocalPosition: {x: 1.34, y: 2.73, z: -3.35}
  m_LocalScale: {x: 3, y: 3, z: 3}
  m_Children:
  - {fileID: 3462899848458887164}
  m_Father: {fileID: 6712689227972000336}
  m_RootOrder: 0
  m_LocalEulerAnglesHint: {x: 0, y: -45.000004, z: 0}
--- !u!33 &3693321094335469882
MeshFilter:
  m_ObjectHideFlags: 0
  m_CorrespondingSourceObject: {fileID: 0}
  m_PrefabInstance: {fileID: 0}
  m_PrefabAsset: {fileID: 0}
  m_GameObject: {fileID: 3693321094335469856}
  m_Mesh: {fileID: 0}
--- !u!23 &3693321094335469883
MeshRenderer:
  m_ObjectHideFlags: 0
  m_CorrespondingSourceObject: {fileID: 0}
  m_PrefabInstance: {fileID: 0}
  m_PrefabAsset: {fileID: 0}
  m_GameObject: {fileID: 3693321094335469856}
  m_Enabled: 1
  m_CastShadows: 1
  m_ReceiveShadows: 1
  m_DynamicOccludee: 1
  m_MotionVectors: 1
  m_LightProbeUsage: 1
  m_ReflectionProbeUsage: 1
  m_RenderingLayerMask: 1
  m_RendererPriority: 0
  m_Materials:
  - {fileID: 0}
  m_StaticBatchInfo:
    firstSubMesh: 0
    subMeshCount: 0
  m_StaticBatchRoot: {fileID: 0}
  m_ProbeAnchor: {fileID: 0}
  m_LightProbeVolumeOverride: {fileID: 0}
  m_ScaleInLightmap: 1
  m_ReceiveGI: 1
  m_PreserveUVs: 0
  m_IgnoreNormalsForChartDetection: 0
  m_ImportantGI: 0
  m_StitchLightmapSeams: 1
  m_SelectedEditorRenderState: 3
  m_MinimumChartSize: 4
  m_AutoUVMaxDistance: 0.5
  m_AutoUVMaxAngle: 89
  m_LightmapParameters: {fileID: 0}
  m_SortingLayerID: 0
  m_SortingLayer: 0
  m_SortingOrder: 0
--- !u!65 &3693321094335469884
BoxCollider:
  m_ObjectHideFlags: 0
  m_CorrespondingSourceObject: {fileID: 0}
  m_PrefabInstance: {fileID: 0}
  m_PrefabAsset: {fileID: 0}
  m_GameObject: {fileID: 3693321094335469856}
  m_Material: {fileID: 0}
  m_IsTrigger: 0
  m_Enabled: 1
  serializedVersion: 2
  m_Size: {x: 1.3217777, y: 1.0136247, z: 1.2879605}
  m_Center: {x: 0.6591018, y: -0.0068120165, z: 0.14397967}
--- !u!65 &3693321094335469885
BoxCollider:
  m_ObjectHideFlags: 0
  m_CorrespondingSourceObject: {fileID: 0}
  m_PrefabInstance: {fileID: 0}
  m_PrefabAsset: {fileID: 0}
  m_GameObject: {fileID: 3693321094335469856}
  m_Material: {fileID: 0}
  m_IsTrigger: 1
  m_Enabled: 1
  serializedVersion: 2
  m_Size: {x: 2.3220606, y: 2, z: 2}
  m_Center: {x: 0.16103041, y: 0, z: 0.000000005497129}
--- !u!54 &3693321094335469886
Rigidbody:
  m_ObjectHideFlags: 0
  m_CorrespondingSourceObject: {fileID: 0}
  m_PrefabInstance: {fileID: 0}
  m_PrefabAsset: {fileID: 0}
  m_GameObject: {fileID: 3693321094335469856}
  serializedVersion: 2
  m_Mass: 2
  m_Drag: 0
  m_AngularDrag: 0.05
  m_UseGravity: 1
  m_IsKinematic: 1
  m_Interpolate: 0
  m_Constraints: 112
  m_CollisionDetection: 3
--- !u!1 &4361372318957362578
GameObject:
  m_ObjectHideFlags: 0
  m_CorrespondingSourceObject: {fileID: 0}
  m_PrefabInstance: {fileID: 0}
  m_PrefabAsset: {fileID: 0}
  serializedVersion: 6
  m_Component:
  - component: {fileID: 8625201009431469279}
  - component: {fileID: 7873269437987161233}
  - component: {fileID: 6940836683140067631}
  m_Layer: 9
  m_Name: Cube
  m_TagString: Untagged
  m_Icon: {fileID: 0}
  m_NavMeshLayer: 0
  m_StaticEditorFlags: 0
  m_IsActive: 1
--- !u!4 &8625201009431469279
Transform:
  m_ObjectHideFlags: 0
  m_CorrespondingSourceObject: {fileID: 0}
  m_PrefabInstance: {fileID: 0}
  m_PrefabAsset: {fileID: 0}
  m_GameObject: {fileID: 4361372318957362578}
  m_LocalRotation: {x: 0.63941735, y: 0.1963213, z: 0.12185608, w: 0.7333175}
  m_LocalPosition: {x: 0.735, y: -0.083, z: -0.228}
  m_LocalScale: {x: 1.0293186, y: 1.0293186, z: 1.0293186}
  m_Children: []
  m_Father: {fileID: 6576834943014642865}
  m_RootOrder: 0
  m_LocalEulerAnglesHint: {x: 62.866, y: 76.663, z: 70.453}
--- !u!33 &7873269437987161233
MeshFilter:
  m_ObjectHideFlags: 0
  m_CorrespondingSourceObject: {fileID: 0}
  m_PrefabInstance: {fileID: 0}
  m_PrefabAsset: {fileID: 0}
  m_GameObject: {fileID: 4361372318957362578}
  m_Mesh: {fileID: -5495902117074765545, guid: 1a6f722f7af04f847b0d94b84d675aa0, type: 3}
--- !u!23 &6940836683140067631
MeshRenderer:
  m_ObjectHideFlags: 0
  m_CorrespondingSourceObject: {fileID: 0}
  m_PrefabInstance: {fileID: 0}
  m_PrefabAsset: {fileID: 0}
  m_GameObject: {fileID: 4361372318957362578}
  m_Enabled: 1
  m_CastShadows: 1
  m_ReceiveShadows: 1
  m_DynamicOccludee: 1
  m_MotionVectors: 1
  m_LightProbeUsage: 1
  m_ReflectionProbeUsage: 1
  m_RenderingLayerMask: 1
  m_RendererPriority: 0
  m_Materials:
  - {fileID: 2100000, guid: af5605eb117a6ad4788aaead967659aa, type: 2}
  m_StaticBatchInfo:
    firstSubMesh: 0
    subMeshCount: 0
  m_StaticBatchRoot: {fileID: 0}
  m_ProbeAnchor: {fileID: 0}
  m_LightProbeVolumeOverride: {fileID: 0}
  m_ScaleInLightmap: 1
  m_ReceiveGI: 1
  m_PreserveUVs: 0
  m_IgnoreNormalsForChartDetection: 0
  m_ImportantGI: 0
  m_StitchLightmapSeams: 1
  m_SelectedEditorRenderState: 3
  m_MinimumChartSize: 4
  m_AutoUVMaxDistance: 0.5
  m_AutoUVMaxAngle: 89
  m_LightmapParameters: {fileID: 0}
  m_SortingLayerID: 0
  m_SortingLayer: 0
  m_SortingOrder: 0
--- !u!1 &5522352214104258031
GameObject:
  m_ObjectHideFlags: 0
  m_CorrespondingSourceObject: {fileID: 0}
  m_PrefabInstance: {fileID: 0}
  m_PrefabAsset: {fileID: 0}
  serializedVersion: 6
  m_Component:
  - component: {fileID: 1359497035547911441}
  - component: {fileID: 1283539617518857149}
  - component: {fileID: 1133518031081262255}
  m_Layer: 9
  m_Name: P12
  m_TagString: Untagged
  m_Icon: {fileID: 0}
  m_NavMeshLayer: 0
  m_StaticEditorFlags: 0
  m_IsActive: 1
--- !u!4 &1359497035547911441
Transform:
  m_ObjectHideFlags: 0
  m_CorrespondingSourceObject: {fileID: 0}
  m_PrefabInstance: {fileID: 0}
  m_PrefabAsset: {fileID: 0}
  m_GameObject: {fileID: 5522352214104258031}
  m_LocalRotation: {x: 0.026561107, y: 0.00000020861626, z: -0.02656102, w: 0.9992943}
  m_LocalPosition: {x: 1.4121598, y: -1.055, z: -0.16983943}
  m_LocalScale: {x: 1.0293186, y: 1.0293186, z: 1.0293186}
  m_Children: []
  m_Father: {fileID: 6576834943014642865}
  m_RootOrder: 4
  m_LocalEulerAnglesHint: {x: 3.0430002, y: -0.081, z: -3.0470002}
--- !u!33 &1283539617518857149
MeshFilter:
  m_ObjectHideFlags: 0
  m_CorrespondingSourceObject: {fileID: 0}
  m_PrefabInstance: {fileID: 0}
  m_PrefabAsset: {fileID: 0}
  m_GameObject: {fileID: 5522352214104258031}
  m_Mesh: {fileID: 1486597453447448511, guid: 1a6f722f7af04f847b0d94b84d675aa0, type: 3}
--- !u!23 &1133518031081262255
MeshRenderer:
  m_ObjectHideFlags: 0
  m_CorrespondingSourceObject: {fileID: 0}
  m_PrefabInstance: {fileID: 0}
  m_PrefabAsset: {fileID: 0}
  m_GameObject: {fileID: 5522352214104258031}
  m_Enabled: 1
  m_CastShadows: 1
  m_ReceiveShadows: 1
  m_DynamicOccludee: 1
  m_MotionVectors: 1
  m_LightProbeUsage: 1
  m_ReflectionProbeUsage: 1
  m_RenderingLayerMask: 1
  m_RendererPriority: 0
  m_Materials:
  - {fileID: 2100000, guid: af5605eb117a6ad4788aaead967659aa, type: 2}
  m_StaticBatchInfo:
    firstSubMesh: 0
    subMeshCount: 0
  m_StaticBatchRoot: {fileID: 0}
  m_ProbeAnchor: {fileID: 0}
  m_LightProbeVolumeOverride: {fileID: 0}
  m_ScaleInLightmap: 1
  m_ReceiveGI: 1
  m_PreserveUVs: 0
  m_IgnoreNormalsForChartDetection: 0
  m_ImportantGI: 0
  m_StitchLightmapSeams: 1
  m_SelectedEditorRenderState: 3
  m_MinimumChartSize: 4
  m_AutoUVMaxDistance: 0.5
  m_AutoUVMaxAngle: 89
  m_LightmapParameters: {fileID: 0}
  m_SortingLayerID: 0
  m_SortingLayer: 0
  m_SortingOrder: 0
--- !u!1 &6712689227972000339
GameObject:
  m_ObjectHideFlags: 0
  m_CorrespondingSourceObject: {fileID: 0}
  m_PrefabInstance: {fileID: 0}
  m_PrefabAsset: {fileID: 0}
  serializedVersion: 6
  m_Component:
  - component: {fileID: 6712689227972000336}
  m_Layer: 0
  m_Name: Repairable Object
  m_TagString: Untagged
  m_Icon: {fileID: 0}
  m_NavMeshLayer: 0
  m_StaticEditorFlags: 0
  m_IsActive: 1
--- !u!4 &6712689227972000336
Transform:
  m_ObjectHideFlags: 0
  m_CorrespondingSourceObject: {fileID: 0}
  m_PrefabInstance: {fileID: 0}
  m_PrefabAsset: {fileID: 0}
  m_GameObject: {fileID: 6712689227972000339}
  m_LocalRotation: {x: 0, y: 0, z: 0, w: 1}
  m_LocalPosition: {x: 0, y: 0, z: 0}
  m_LocalScale: {x: 1, y: 1, z: 1}
  m_Children:
  - {fileID: 3693321094335469881}
  - {fileID: 6712689229539448928}
  - {fileID: 6224685549024558274}
  - {fileID: 5428157972457826931}
  m_Father: {fileID: 0}
  m_RootOrder: 0
  m_LocalEulerAnglesHint: {x: 0, y: 0, z: 0}
--- !u!1 &6712689229539448931
GameObject:
  m_ObjectHideFlags: 0
  m_CorrespondingSourceObject: {fileID: 0}
  m_PrefabInstance: {fileID: 0}
  m_PrefabAsset: {fileID: 0}
  serializedVersion: 6
  m_Component:
  - component: {fileID: 6712689229539448928}
  - component: {fileID: 6712689229539448926}
  - component: {fileID: 6712689229539448929}
  - component: {fileID: 472272521}
  m_Layer: 0
  m_Name: Hitbox
  m_TagString: Untagged
  m_Icon: {fileID: 0}
  m_NavMeshLayer: 0
  m_StaticEditorFlags: 0
  m_IsActive: 1
--- !u!4 &6712689229539448928
Transform:
  m_ObjectHideFlags: 0
  m_CorrespondingSourceObject: {fileID: 0}
  m_PrefabInstance: {fileID: 0}
  m_PrefabAsset: {fileID: 0}
  m_GameObject: {fileID: 6712689229539448931}
  m_LocalRotation: {x: -0, y: -0, z: -0, w: 1}
  m_LocalPosition: {x: 0, y: 1, z: 0}
  m_LocalScale: {x: 1, y: 1, z: 1}
  m_Children: []
  m_Father: {fileID: 6712689227972000336}
  m_RootOrder: 1
  m_LocalEulerAnglesHint: {x: 0, y: 0, z: 0}
--- !u!65 &6712689229539448926
BoxCollider:
  m_ObjectHideFlags: 0
  m_CorrespondingSourceObject: {fileID: 0}
  m_PrefabInstance: {fileID: 0}
  m_PrefabAsset: {fileID: 0}
  m_GameObject: {fileID: 6712689229539448931}
  m_Material: {fileID: 0}
  m_IsTrigger: 1
  m_Enabled: 1
  serializedVersion: 2
  m_Size: {x: 5.984607, y: 4.199604, z: 5.6318755}
  m_Center: {x: 1.50119, y: 1.599802, z: -1.3770764}
--- !u!114 &6712689229539448929
MonoBehaviour:
  m_ObjectHideFlags: 0
  m_CorrespondingSourceObject: {fileID: 0}
  m_PrefabInstance: {fileID: 0}
  m_PrefabAsset: {fileID: 0}
  m_GameObject: {fileID: 6712689229539448931}
  m_Enabled: 1
  m_EditorHideFlags: 0
  m_Script: {fileID: 1384774831, guid: e743331561ef77147ae48cda9bcb8209, type: 3}
  m_Name: 
  m_EditorClassIdentifier: 
  fsm:
    dataVersion: 2
    usedInTemplate: {fileID: 0}
    name: FSM
    startState: Blacksmith Enter
    states:
    - name: Blacksmith Enter
      description: 
      colorIndex: 0
      position:
        serializedVersion: 2
        x: 50
        y: 100
        width: 141
        height: 32
      isBreakpoint: 0
      isSequence: 0
      hideUnused: 0
      transitions:
      - fsmEvent:
          name: onEnter
          isSystemEvent: 0
          isGlobal: 0
        toState: Key Input
        linkStyle: 0
        linkConstraint: 0
        colorIndex: 0
      actionData:
        actionNames:
        - HutongGames.PlayMaker.Actions.TriggerEvent
        customNames:
        - 
        actionEnabled: 01
        actionIsOpen: 01
        actionStartIndex: 00000000
        actionHashCodes: 9c512400
        unityObjectParams: []
        fsmGameObjectParams:
        - useVariable: 1
          name: 
          tooltip: 
          showInInspector: 0
          networkSync: 0
          value: {fileID: 0}
        fsmOwnerDefaultParams:
        - ownerOption: 0
          gameObject:
            useVariable: 0
            name: 
            tooltip: 
            showInInspector: 0
            networkSync: 0
            value: {fileID: 0}
        animationCurveParams: []
        functionCallParams: []
        fsmTemplateControlParams: []
        fsmEventTargetParams: []
        fsmPropertyParams: []
        layoutOptionParams: []
        fsmStringParams:
        - useVariable: 0
          name: 
          tooltip: 
          showInInspector: 0
          networkSync: 0
          value: BlackSmithBody
        fsmObjectParams: []
        fsmVarParams: []
        fsmArrayParams: []
        fsmEnumParams: []
        fsmFloatParams: []
        fsmIntParams: []
        fsmBoolParams: []
        fsmVector2Params: []
        fsmVector3Params: []
        fsmColorParams: []
        fsmRectParams: []
        fsmQuaternionParams: []
        stringParams:
        - onEnter
        byteData: 00000000
        arrayParamSizes: 
        arrayParamTypes: []
        customTypeSizes: 
        customTypeNames: []
        paramDataType: 1400000007000000120000001700000013000000
        paramName:
        - gameObject
        - trigger
        - collideTag
        - sendEvent
        - storeCollider
        paramDataPos: 0000000000000000000000000000000000000000
        paramByteDataSize: 0000000004000000000000000000000000000000
    - name: Repair
      description: 
      colorIndex: 0
      position:
        serializedVersion: 2
        x: 426
        y: 131
        width: 100
        height: 16
      isBreakpoint: 0
      isSequence: 0
      hideUnused: 0
      transitions: []
      actionData:
        actionNames:
        - HutongGames.PlayMaker.Actions.DestroyObject
        - HutongGames.PlayMaker.Actions.ActivateGameObject
        - HutongGames.PlayMaker.Actions.ActivateGameObject
        - HutongGames.PlayMaker.Actions.ActivateGameObject
        customNames:
        - 
        - 
        - 
        - 
        actionEnabled: 01010101
        actionIsOpen: 01010101
        actionStartIndex: 0000000003000000080000000d000000
        actionHashCodes: 9ff80c02b2cf1000b2cf1000b2cf1000
        unityObjectParams: []
        fsmGameObjectParams:
        - useVariable: 0
          name: 
          tooltip: 
          showInInspector: 0
          networkSync: 0
          value: {fileID: 3693321094335469856}
        fsmOwnerDefaultParams:
        - ownerOption: 1
          gameObject:
            useVariable: 0
            name: 
            tooltip: 
            showInInspector: 0
            networkSync: 0
            value: {fileID: 6224685549024558299}
        - ownerOption: 1
          gameObject:
            useVariable: 0
            name: 
            tooltip: 
            showInInspector: 0
            networkSync: 0
            value: {fileID: 5428157972457826928}
        - ownerOption: 1
          gameObject:
            useVariable: 0
            name: 
            tooltip: 
            showInInspector: 0
            networkSync: 0
            value: {fileID: 0}
        animationCurveParams: []
        functionCallParams: []
        fsmTemplateControlParams: []
        fsmEventTargetParams: []
        fsmPropertyParams: []
        layoutOptionParams: []
        fsmStringParams: []
        fsmObjectParams: []
        fsmVarParams: []
        fsmArrayParams: []
        fsmEnumParams: []
        fsmFloatParams:
        - useVariable: 0
          name: 
          tooltip: 
          showInInspector: 0
          networkSync: 0
          value: 0
        fsmIntParams: []
        fsmBoolParams:
        - useVariable: 0
          name: 
          tooltip: 
          showInInspector: 0
          networkSync: 0
          value: 0
        - useVariable: 0
          name: 
          tooltip: 
          showInInspector: 0
          networkSync: 0
          value: 1
        - useVariable: 0
          name: 
          tooltip: 
          showInInspector: 0
          networkSync: 0
          value: 1
        - useVariable: 0
          name: 
          tooltip: 
          showInInspector: 0
          networkSync: 0
          value: 0
        - useVariable: 0
          name: 
          tooltip: 
          showInInspector: 0
          networkSync: 0
          value: 1
        - useVariable: 0
          name: 
          tooltip: 
          showInInspector: 0
          networkSync: 0
          value: 0
        - useVariable: 0
          name: 
          tooltip: 
          showInInspector: 0
          networkSync: 0
          value: 1
        fsmVector2Params: []
        fsmVector3Params: []
        fsmColorParams: []
        fsmRectParams: []
        fsmQuaternionParams: []
        stringParams: []
        byteData: 000000000000
        arrayParamSizes: 
        arrayParamTypes: []
        customTypeSizes: 
        customTypeNames: []
        paramDataType: 130000000f00000011000000140000001100000011000000010000000100000014000000110000001100000001000000010000001400000011000000110000000100000001000000
        paramName:
        - gameObject
        - delay
        - detachChildren
        - gameObject
        - activate
        - recursive
        - resetOnExit
        - everyFrame
        - gameObject
        - activate
        - recursive
        - resetOnExit
        - everyFrame
        - gameObject
        - activate
        - recursive
        - resetOnExit
        - everyFrame
        paramDataPos: 000000000000000000000000000000000100000002000000000000000100000001000000030000000400000002000000030000000200000005000000060000000400000005000000
        paramByteDataSize: 000000000000000000000000000000000000000000000000010000000100000000000000000000000000000001000000010000000000000000000000000000000100000001000000
    - name: Key Input
      description: 
      colorIndex: 0
      position:
        serializedVersion: 2
        x: 256
        y: 116
        width: 100
        height: 48
      isBreakpoint: 0
      isSequence: 0
      hideUnused: 0
      transitions:
      - fsmEvent:
          name: repair
          isSystemEvent: 0
          isGlobal: 0
        toState: Repair
        linkStyle: 0
        linkConstraint: 0
        colorIndex: 0
      - fsmEvent:
          name: exit
          isSystemEvent: 0
          isGlobal: 0
        toState: Blacksmith Enter
        linkStyle: 0
        linkConstraint: 0
        colorIndex: 0
      actionData:
        actionNames:
        - HutongGames.PlayMaker.Actions.GetButtonDown
        - HutongGames.PlayMaker.Actions.TriggerEvent
        customNames:
        - 
        - 
        actionEnabled: 0101
        actionIsOpen: 0101
        actionStartIndex: 0000000003000000
        actionHashCodes: 1012c1009c512400
        unityObjectParams: []
        fsmGameObjectParams:
        - useVariable: 1
          name: 
          tooltip: 
          showInInspector: 0
          networkSync: 0
          value: {fileID: 0}
        fsmOwnerDefaultParams:
        - ownerOption: 0
          gameObject:
            useVariable: 0
            name: 
            tooltip: 
            showInInspector: 0
            networkSync: 0
            value: {fileID: 0}
        animationCurveParams: []
        functionCallParams: []
        fsmTemplateControlParams: []
        fsmEventTargetParams: []
        fsmPropertyParams: []
        layoutOptionParams: []
        fsmStringParams:
        - useVariable: 0
          name: 
          tooltip: 
          showInInspector: 0
          networkSync: 0
          value: Fire3
        - useVariable: 0
          name: 
          tooltip: 
          showInInspector: 0
          networkSync: 0
          value: BlackSmithBody
        fsmObjectParams: []
        fsmVarParams: []
        fsmArrayParams: []
        fsmEnumParams: []
        fsmFloatParams: []
        fsmIntParams: []
        fsmBoolParams:
        - useVariable: 1
          name: 
          tooltip: 
          showInInspector: 0
          networkSync: 0
          value: 0
        fsmVector2Params: []
        fsmVector3Params: []
        fsmColorParams: []
        fsmRectParams: []
        fsmQuaternionParams: []
        stringParams:
        - repair
        - exit
        byteData: 02000000
        arrayParamSizes: 
        arrayParamTypes: []
        customTypeSizes: 
        customTypeNames: []
        paramDataType: 1200000017000000110000001400000007000000120000001700000013000000
        paramName:
        - buttonName
        - sendEvent
        - storeResult
        - gameObject
        - trigger
        - collideTag
        - sendEvent
        - storeCollider
        paramDataPos: 0000000000000000000000000000000000000000010000000100000000000000
        paramByteDataSize: 0000000000000000000000000000000004000000000000000000000000000000
    events:
    - name: exit
      isSystemEvent: 0
      isGlobal: 0
    - name: onEnter
      isSystemEvent: 0
      isGlobal: 0
    - name: repair
      isSystemEvent: 0
      isGlobal: 0
    - name: waitOver
      isSystemEvent: 0
      isGlobal: 0
    globalTransitions: []
    variables:
      floatVariables: []
      intVariables: []
      boolVariables: []
      stringVariables: []
      vector2Variables: []
      vector3Variables: []
      colorVariables: []
      rectVariables: []
      quaternionVariables: []
      gameObjectVariables: []
      objectVariables: []
      materialVariables: []
      textureVariables: []
      arrayVariables: []
      enumVariables: []
      categories:
      - 
      variableCategoryIDs: 
    description: 
    docUrl: 
    showStateLabel: 0
    maxLoopCount: 0
    watermark: 
    password: 
    locked: 0
    manualUpdate: 0
    keepDelayedEventsOnStateExit: 0
    preprocessed: 0
    ExposedEvents: []
    RestartOnEnable: 1
    EnableDebugFlow: 0
    EnableBreakpoints: 1
    editorFlags: 1
    activeStateName: 
    mouseEvents: 0
    handleLevelLoaded: 0
    handleTriggerEnter2D: 0
    handleTriggerExit2D: 0
    handleTriggerStay2D: 0
    handleCollisionEnter2D: 0
    handleCollisionExit2D: 0
    handleCollisionStay2D: 0
    handleTriggerEnter: 0
    handleTriggerExit: 0
    handleTriggerStay: 0
    handleCollisionEnter: 0
    handleCollisionExit: 0
    handleCollisionStay: 0
    handleParticleCollision: 0
    handleControllerColliderHit: 0
    handleJointBreak: 0
    handleJointBreak2D: 0
    handleOnGUI: 0
    handleFixedUpdate: 0
    handleLateUpdate: 0
    handleApplicationEvents: 0
    handleUiEvents: 0
    handleLegacyNetworking: 0
    handleAnimatorMove: 0
    handleAnimatorIK: 0
  fsmTemplate: {fileID: 0}
  eventHandlerComponentsAdded: 0
--- !u!54 &472272521
Rigidbody:
  m_ObjectHideFlags: 0
  m_CorrespondingSourceObject: {fileID: 0}
  m_PrefabInstance: {fileID: 0}
  m_PrefabAsset: {fileID: 0}
  m_GameObject: {fileID: 6712689229539448931}
  serializedVersion: 2
  m_Mass: 1
  m_Drag: 0
  m_AngularDrag: 0.05
  m_UseGravity: 1
  m_IsKinematic: 1
  m_Interpolate: 0
  m_Constraints: 126
  m_CollisionDetection: 0
--- !u!1 &7646553039992465938
GameObject:
  m_ObjectHideFlags: 0
  m_CorrespondingSourceObject: {fileID: 0}
  m_PrefabInstance: {fileID: 0}
  m_PrefabAsset: {fileID: 0}
  serializedVersion: 6
  m_Component:
  - component: {fileID: 6973424231012241704}
  - component: {fileID: 8095591405210880830}
  - component: {fileID: 2633230410643168275}
  m_Layer: 9
  m_Name: P23
  m_TagString: Untagged
  m_Icon: {fileID: 0}
  m_NavMeshLayer: 0
  m_StaticEditorFlags: 0
  m_IsActive: 1
--- !u!4 &6973424231012241704
Transform:
  m_ObjectHideFlags: 0
  m_CorrespondingSourceObject: {fileID: 0}
  m_PrefabInstance: {fileID: 0}
  m_PrefabAsset: {fileID: 0}
  m_GameObject: {fileID: 7646553039992465938}
  m_LocalRotation: {x: 0.0094593465, y: -0.004509717, z: 0.42083028, w: 0.90707886}
  m_LocalPosition: {x: 1.4118534, y: -0.284, z: 0.2969132}
  m_LocalScale: {x: 1.0293186, y: 1.0293186, z: 1.0293186}
  m_Children: []
  m_Father: {fileID: 6576834943014642865}
  m_RootOrder: 5
  m_LocalEulerAnglesHint: {x: 1.2010001, y: -0.013, z: 49.777004}
--- !u!33 &8095591405210880830
MeshFilter:
  m_ObjectHideFlags: 0
  m_CorrespondingSourceObject: {fileID: 0}
  m_PrefabInstance: {fileID: 0}
  m_PrefabAsset: {fileID: 0}
  m_GameObject: {fileID: 7646553039992465938}
  m_Mesh: {fileID: -3701251765439803369, guid: 1a6f722f7af04f847b0d94b84d675aa0, type: 3}
--- !u!23 &2633230410643168275
MeshRenderer:
  m_ObjectHideFlags: 0
  m_CorrespondingSourceObject: {fileID: 0}
  m_PrefabInstance: {fileID: 0}
  m_PrefabAsset: {fileID: 0}
  m_GameObject: {fileID: 7646553039992465938}
  m_Enabled: 1
  m_CastShadows: 1
  m_ReceiveShadows: 1
  m_DynamicOccludee: 1
  m_MotionVectors: 1
  m_LightProbeUsage: 1
  m_ReflectionProbeUsage: 1
  m_RenderingLayerMask: 1
  m_RendererPriority: 0
  m_Materials:
  - {fileID: 2100000, guid: af5605eb117a6ad4788aaead967659aa, type: 2}
  m_StaticBatchInfo:
    firstSubMesh: 0
    subMeshCount: 0
  m_StaticBatchRoot: {fileID: 0}
  m_ProbeAnchor: {fileID: 0}
  m_LightProbeVolumeOverride: {fileID: 0}
  m_ScaleInLightmap: 1
  m_ReceiveGI: 1
  m_PreserveUVs: 0
  m_IgnoreNormalsForChartDetection: 0
  m_ImportantGI: 0
  m_StitchLightmapSeams: 1
  m_SelectedEditorRenderState: 3
  m_MinimumChartSize: 4
  m_AutoUVMaxDistance: 0.5
  m_AutoUVMaxAngle: 89
  m_LightmapParameters: {fileID: 0}
  m_SortingLayerID: 0
  m_SortingLayer: 0
  m_SortingOrder: 0
--- !u!1 &7862075564863268958
GameObject:
  m_ObjectHideFlags: 0
  m_CorrespondingSourceObject: {fileID: 0}
  m_PrefabInstance: {fileID: 0}
  m_PrefabAsset: {fileID: 0}
  serializedVersion: 6
  m_Component:
  - component: {fileID: 4185148997176767121}
  - component: {fileID: 742362666205960064}
  - component: {fileID: 1829412156307872997}
  m_Layer: 9
  m_Name: P7
  m_TagString: Untagged
  m_Icon: {fileID: 0}
  m_NavMeshLayer: 0
  m_StaticEditorFlags: 0
  m_IsActive: 1
--- !u!4 &4185148997176767121
Transform:
  m_ObjectHideFlags: 0
  m_CorrespondingSourceObject: {fileID: 0}
  m_PrefabInstance: {fileID: 0}
  m_PrefabAsset: {fileID: 0}
  m_GameObject: {fileID: 7862075564863268958}
  m_LocalRotation: {x: -0, y: 0.20725784, z: -0, w: 0.9782864}
  m_LocalPosition: {x: 1.903, y: -1.187, z: -0.202}
  m_LocalScale: {x: 1.0293186, y: 1.0293186, z: 1.0293186}
  m_Children: []
  m_Father: {fileID: 6576834943014642865}
  m_RootOrder: 1
  m_LocalEulerAnglesHint: {x: 0, y: 23.923, z: 0}
--- !u!33 &742362666205960064
MeshFilter:
  m_ObjectHideFlags: 0
  m_CorrespondingSourceObject: {fileID: 0}
  m_PrefabInstance: {fileID: 0}
  m_PrefabAsset: {fileID: 0}
  m_GameObject: {fileID: 7862075564863268958}
  m_Mesh: {fileID: -2906419011218915566, guid: 1a6f722f7af04f847b0d94b84d675aa0, type: 3}
--- !u!23 &1829412156307872997
MeshRenderer:
  m_ObjectHideFlags: 0
  m_CorrespondingSourceObject: {fileID: 0}
  m_PrefabInstance: {fileID: 0}
  m_PrefabAsset: {fileID: 0}
  m_GameObject: {fileID: 7862075564863268958}
  m_Enabled: 1
  m_CastShadows: 1
  m_ReceiveShadows: 1
  m_DynamicOccludee: 1
  m_MotionVectors: 1
  m_LightProbeUsage: 1
  m_ReflectionProbeUsage: 1
  m_RenderingLayerMask: 1
  m_RendererPriority: 0
  m_Materials:
  - {fileID: 2100000, guid: af5605eb117a6ad4788aaead967659aa, type: 2}
  m_StaticBatchInfo:
    firstSubMesh: 0
    subMeshCount: 0
  m_StaticBatchRoot: {fileID: 0}
  m_ProbeAnchor: {fileID: 0}
  m_LightProbeVolumeOverride: {fileID: 0}
  m_ScaleInLightmap: 1
  m_ReceiveGI: 1
  m_PreserveUVs: 0
  m_IgnoreNormalsForChartDetection: 0
  m_ImportantGI: 0
  m_StitchLightmapSeams: 1
  m_SelectedEditorRenderState: 3
  m_MinimumChartSize: 4
  m_AutoUVMaxDistance: 0.5
  m_AutoUVMaxAngle: 89
  m_LightmapParameters: {fileID: 0}
  m_SortingLayerID: 0
  m_SortingLayer: 0
  m_SortingOrder: 0
--- !u!1 &7862938947147880098
GameObject:
  m_ObjectHideFlags: 0
  m_CorrespondingSourceObject: {fileID: 0}
  m_PrefabInstance: {fileID: 0}
  m_PrefabAsset: {fileID: 0}
  serializedVersion: 6
  m_Component:
  - component: {fileID: 6576834943014642865}
  m_Layer: 9
  m_Name: PushBoxLowPoly
  m_TagString: Untagged
  m_Icon: {fileID: 0}
  m_NavMeshLayer: 0
  m_StaticEditorFlags: 0
  m_IsActive: 1
--- !u!4 &6576834943014642865
Transform:
  m_ObjectHideFlags: 0
  m_CorrespondingSourceObject: {fileID: 0}
  m_PrefabInstance: {fileID: 0}
  m_PrefabAsset: {fileID: 0}
  m_GameObject: {fileID: 7862938947147880098}
  m_LocalRotation: {x: -0, y: -0, z: -0, w: 1}
  m_LocalPosition: {x: 0, y: 0, z: 0}
  m_LocalScale: {x: 1, y: 1, z: 1}
  m_Children:
  - {fileID: 8625201009431469279}
  - {fileID: 4185148997176767121}
  - {fileID: 8562750362559085211}
  - {fileID: 2952402930266699837}
  - {fileID: 1359497035547911441}
  - {fileID: 6973424231012241704}
  m_Father: {fileID: 3462899848458887164}
  m_RootOrder: 0
  m_LocalEulerAnglesHint: {x: 0, y: 0, z: 0}
--- !u!1 &8123647913491230827
GameObject:
  m_ObjectHideFlags: 0
  m_CorrespondingSourceObject: {fileID: 0}
  m_PrefabInstance: {fileID: 0}
  m_PrefabAsset: {fileID: 0}
  serializedVersion: 6
  m_Component:
  - component: {fileID: 8562750362559085211}
  - component: {fileID: 7673032466531858025}
  - component: {fileID: 3806612605026786133}
  m_Layer: 9
  m_Name: P8
  m_TagString: Untagged
  m_Icon: {fileID: 0}
  m_NavMeshLayer: 0
  m_StaticEditorFlags: 0
  m_IsActive: 1
--- !u!4 &8562750362559085211
Transform:
  m_ObjectHideFlags: 0
  m_CorrespondingSourceObject: {fileID: 0}
  m_PrefabInstance: {fileID: 0}
  m_PrefabAsset: {fileID: 0}
  m_GameObject: {fileID: 8123647913491230827}
  m_LocalRotation: {x: -0, y: -0.54114544, z: -0, w: 0.84092903}
  m_LocalPosition: {x: 0.095, y: -1.187, z: -0.863}
  m_LocalScale: {x: 1.0293186, y: 1.0293186, z: 1.0293186}
  m_Children: []
  m_Father: {fileID: 6576834943014642865}
  m_RootOrder: 2
  m_LocalEulerAnglesHint: {x: 0, y: -65.523, z: 0}
--- !u!33 &7673032466531858025
MeshFilter:
  m_ObjectHideFlags: 0
  m_CorrespondingSourceObject: {fileID: 0}
  m_PrefabInstance: {fileID: 0}
  m_PrefabAsset: {fileID: 0}
  m_GameObject: {fileID: 8123647913491230827}
  m_Mesh: {fileID: -2714807491710604144, guid: 1a6f722f7af04f847b0d94b84d675aa0, type: 3}
--- !u!23 &3806612605026786133
MeshRenderer:
  m_ObjectHideFlags: 0
  m_CorrespondingSourceObject: {fileID: 0}
  m_PrefabInstance: {fileID: 0}
  m_PrefabAsset: {fileID: 0}
  m_GameObject: {fileID: 8123647913491230827}
  m_Enabled: 1
  m_CastShadows: 1
  m_ReceiveShadows: 1
  m_DynamicOccludee: 1
  m_MotionVectors: 1
  m_LightProbeUsage: 1
  m_ReflectionProbeUsage: 1
  m_RenderingLayerMask: 1
  m_RendererPriority: 0
  m_Materials:
  - {fileID: 2100000, guid: af5605eb117a6ad4788aaead967659aa, type: 2}
  m_StaticBatchInfo:
    firstSubMesh: 0
    subMeshCount: 0
  m_StaticBatchRoot: {fileID: 0}
  m_ProbeAnchor: {fileID: 0}
  m_LightProbeVolumeOverride: {fileID: 0}
  m_ScaleInLightmap: 1
  m_ReceiveGI: 1
  m_PreserveUVs: 0
  m_IgnoreNormalsForChartDetection: 0
  m_ImportantGI: 0
  m_StitchLightmapSeams: 1
  m_SelectedEditorRenderState: 3
  m_MinimumChartSize: 4
  m_AutoUVMaxDistance: 0.5
  m_AutoUVMaxAngle: 89
  m_LightmapParameters: {fileID: 0}
  m_SortingLayerID: 0
  m_SortingLayer: 0
  m_SortingOrder: 0
--- !u!1 &8580436019022230837
GameObject:
  m_ObjectHideFlags: 0
  m_CorrespondingSourceObject: {fileID: 0}
  m_PrefabInstance: {fileID: 0}
  m_PrefabAsset: {fileID: 0}
  serializedVersion: 6
  m_Component:
  - component: {fileID: 3462899848458887164}
  - component: {fileID: 9195624578167628716}
  - component: {fileID: 354521178329723277}
  - component: {fileID: 354521178329723282}
  m_Layer: 9
  m_Name: PushBlockModel
  m_TagString: Untagged
  m_Icon: {fileID: 0}
  m_NavMeshLayer: 0
  m_StaticEditorFlags: 0
  m_IsActive: 1
--- !u!4 &3462899848458887164
Transform:
  m_ObjectHideFlags: 0
  m_CorrespondingSourceObject: {fileID: 0}
  m_PrefabInstance: {fileID: 0}
  m_PrefabAsset: {fileID: 0}
  m_GameObject: {fileID: 8580436019022230837}
  m_LocalRotation: {x: -0, y: -0, z: -0, w: 1}
  m_LocalPosition: {x: 0.007, y: -0.545, z: -0.005}
  m_LocalScale: {x: 0.77320004, y: 0.77320004, z: 0.77320004}
  m_Children:
  - {fileID: 6576834943014642865}
  m_Father: {fileID: 3693321094335469881}
  m_RootOrder: 0
  m_LocalEulerAnglesHint: {x: 0, y: 0, z: 0}
--- !u!54 &9195624578167628716
Rigidbody:
  m_ObjectHideFlags: 0
  m_CorrespondingSourceObject: {fileID: 0}
  m_PrefabInstance: {fileID: 0}
  m_PrefabAsset: {fileID: 0}
  m_GameObject: {fileID: 8580436019022230837}
  serializedVersion: 2
  m_Mass: 1
  m_Drag: 0
  m_AngularDrag: 0.05
  m_UseGravity: 1
  m_IsKinematic: 1
  m_Interpolate: 0
  m_Constraints: 0
  m_CollisionDetection: 0
--- !u!65 &354521178329723277
BoxCollider:
  m_ObjectHideFlags: 0
  m_CorrespondingSourceObject: {fileID: 0}
  m_PrefabInstance: {fileID: 0}
  m_PrefabAsset: {fileID: 0}
  m_GameObject: {fileID: 8580436019022230837}
  m_Material: {fileID: 0}
  m_IsTrigger: 1
  m_Enabled: 1
  serializedVersion: 2
  m_Size: {x: 1.5, y: 1.1138915, z: 1.5}
  m_Center: {x: 0, y: 0.6134792, z: 0}
--- !u!114 &354521178329723282
MonoBehaviour:
  m_ObjectHideFlags: 0
  m_CorrespondingSourceObject: {fileID: 0}
  m_PrefabInstance: {fileID: 0}
  m_PrefabAsset: {fileID: 0}
  m_GameObject: {fileID: 8580436019022230837}
  m_Enabled: 1
  m_EditorHideFlags: 0
  m_Script: {fileID: 1384774831, guid: e743331561ef77147ae48cda9bcb8209, type: 3}
  m_Name: 
  m_EditorClassIdentifier: 
  fsm:
    dataVersion: 2
    usedInTemplate: {fileID: 0}
    name: PushBlockAnimation
    startState: State 1
    states:
    - name: State 1
      description: 
      colorIndex: 0
      position:
        serializedVersion: 2
        x: 53
        y: 100
        width: 128
        height: 32
      isBreakpoint: 0
      isSequence: 0
      hideUnused: 0
      transitions:
      - fsmEvent:
          name: PushAnimation
          isSystemEvent: 0
          isGlobal: 0
        toState: State 2
        linkStyle: 0
        linkConstraint: 0
        colorIndex: 0
      actionData:
        actionNames:
        - HutongGames.PlayMaker.Actions.TriggerEvent
        customNames:
        - 
        actionEnabled: 01
        actionIsOpen: 01
        actionStartIndex: 00000000
        actionHashCodes: 9c512400
        unityObjectParams: []
        fsmGameObjectParams:
        - useVariable: 1
          name: 
          tooltip: 
          showInInspector: 0
          networkSync: 0
          value: {fileID: 0}
        fsmOwnerDefaultParams:
        - ownerOption: 0
          gameObject:
            useVariable: 0
            name: 
            tooltip: 
            showInInspector: 0
            networkSync: 0
            value: {fileID: 0}
        animationCurveParams: []
        functionCallParams: []
        fsmTemplateControlParams: []
        fsmEventTargetParams: []
        fsmPropertyParams: []
        layoutOptionParams: []
        fsmStringParams:
        - useVariable: 0
          name: 
          tooltip: 
          showInInspector: 0
          networkSync: 0
          value: StrongPushBlock
        fsmObjectParams: []
        fsmVarParams: []
        fsmArrayParams: []
        fsmEnumParams: []
        fsmFloatParams: []
        fsmIntParams: []
        fsmBoolParams: []
        fsmVector2Params: []
        fsmVector3Params: []
        fsmColorParams: []
        fsmRectParams: []
        fsmQuaternionParams: []
        stringParams:
        - PushAnimation
        byteData: 00000000
        arrayParamSizes: 
        arrayParamTypes: []
        customTypeSizes: 
        customTypeNames: []
        paramDataType: 1400000007000000120000001700000013000000
        paramName:
        - gameObject
        - trigger
        - collideTag
        - sendEvent
        - storeCollider
        paramDataPos: 0000000000000000000000000000000000000000
        paramByteDataSize: 0000000004000000000000000000000000000000
    - name: State 2
      description: 
      colorIndex: 0
      position:
        serializedVersion: 2
        x: 375
        y: 129
        width: 100
        height: 32
      isBreakpoint: 0
      isSequence: 0
      hideUnused: 0
      transitions:
      - fsmEvent:
          name: FINISHED
          isSystemEvent: 1
          isGlobal: 0
        toState: State 1
        linkStyle: 0
        linkConstraint: 0
        colorIndex: 0
      actionData:
        actionNames:
        - HutongGames.PlayMaker.Actions.TriggerEvent
        - HutongGames.PlayMaker.Actions.SendEvent
        customNames:
        - 
        - 
        actionEnabled: 0101
        actionIsOpen: 0101
        actionStartIndex: 0000000005000000
        actionHashCodes: 9c5124005e69bb04
        unityObjectParams: []
        fsmGameObjectParams:
        - useVariable: 1
          name: 
          tooltip: 
          showInInspector: 0
          networkSync: 0
          value: {fileID: 0}
        fsmOwnerDefaultParams:
        - ownerOption: 0
          gameObject:
            useVariable: 0
            name: 
            tooltip: 
            showInInspector: 0
            networkSync: 0
            value: {fileID: 0}
        animationCurveParams: []
        functionCallParams: []
        fsmTemplateControlParams: []
        fsmEventTargetParams:
        - target: 4
          excludeSelf:
            useVariable: 0
            name: 
            tooltip: 
            showInInspector: 0
            networkSync: 0
            value: 0
          gameObject:
            ownerOption: 0
            gameObject:
              useVariable: 0
              name: 
              tooltip: 
              showInInspector: 0
              networkSync: 0
              value: {fileID: 0}
          fsmName:
            useVariable: 0
            name: 
            tooltip: 
            showInInspector: 0
            networkSync: 0
            value: 
          sendToChildren:
            useVariable: 0
            name: 
            tooltip: 
            showInInspector: 0
            networkSync: 0
            value: 0
          fsmComponent: {fileID: 0}
        fsmPropertyParams: []
        layoutOptionParams: []
        fsmStringParams:
        - useVariable: 0
          name: 
          tooltip: 
          showInInspector: 0
          networkSync: 0
          value: StrongPushBlock
        fsmObjectParams: []
        fsmVarParams: []
        fsmArrayParams: []
        fsmEnumParams: []
        fsmFloatParams:
        - useVariable: 0
          name: 
          tooltip: 
          showInInspector: 0
          networkSync: 0
          value: 0
        fsmIntParams: []
        fsmBoolParams: []
        fsmVector2Params: []
        fsmVector3Params: []
        fsmColorParams: []
        fsmRectParams: []
        fsmQuaternionParams: []
        stringParams:
        - FINISHED
        - HeavyPushBlock
        byteData: 0200000000
        arrayParamSizes: 
        arrayParamTypes: []
        customTypeSizes: 
        customTypeNames: []
        paramDataType: 14000000070000001200000017000000130000001f000000170000000f00000001000000
        paramName:
        - gameObject
        - trigger
        - collideTag
        - sendEvent
        - storeCollider
        - eventTarget
        - sendEvent
        - delay
        - everyFrame
        paramDataPos: 000000000000000000000000000000000000000000000000010000000000000004000000
        paramByteDataSize: 000000000400000000000000000000000000000000000000000000000000000001000000
    events:
    - name: FINISHED
      isSystemEvent: 1
      isGlobal: 0
    - name: HeavyPushBlock
      isSystemEvent: 0
      isGlobal: 1
    - name: PushAnimation
      isSystemEvent: 0
      isGlobal: 0
    globalTransitions: []
    variables:
      floatVariables: []
      intVariables: []
      boolVariables: []
      stringVariables: []
      vector2Variables: []
      vector3Variables: []
      colorVariables: []
      rectVariables: []
      quaternionVariables: []
      gameObjectVariables: []
      objectVariables: []
      materialVariables: []
      textureVariables: []
      arrayVariables: []
      enumVariables: []
      categories:
      - 
      variableCategoryIDs: 
    description: 
    docUrl: 
    showStateLabel: 0
    maxLoopCount: 0
    watermark: 
    password: 
    locked: 0
    manualUpdate: 0
    keepDelayedEventsOnStateExit: 0
    preprocessed: 0
    ExposedEvents: []
    RestartOnEnable: 1
    EnableDebugFlow: 0
    EnableBreakpoints: 1
    editorFlags: 1
    activeStateName: 
    mouseEvents: 0
    handleLevelLoaded: 0
    handleTriggerEnter2D: 0
    handleTriggerExit2D: 0
    handleTriggerStay2D: 0
    handleCollisionEnter2D: 0
    handleCollisionExit2D: 0
    handleCollisionStay2D: 0
    handleTriggerEnter: 0
    handleTriggerExit: 0
    handleTriggerStay: 0
    handleCollisionEnter: 0
    handleCollisionExit: 0
    handleCollisionStay: 0
    handleParticleCollision: 0
    handleControllerColliderHit: 0
    handleJointBreak: 0
    handleJointBreak2D: 0
    handleOnGUI: 0
    handleFixedUpdate: 0
    handleLateUpdate: 0
    handleApplicationEvents: 0
    handleUiEvents: 0
    handleLegacyNetworking: 0
    handleAnimatorMove: 0
    handleAnimatorIK: 0
  fsmTemplate: {fileID: 0}
  eventHandlerComponentsAdded: 0
--- !u!1 &8968722469360101767
GameObject:
  m_ObjectHideFlags: 0
  m_CorrespondingSourceObject: {fileID: 0}
  m_PrefabInstance: {fileID: 0}
  m_PrefabAsset: {fileID: 0}
  serializedVersion: 6
  m_Component:
  - component: {fileID: 2952402930266699837}
  - component: {fileID: 3077876813580793574}
  - component: {fileID: 7549648102712065875}
  m_Layer: 9
  m_Name: P11
  m_TagString: Untagged
  m_Icon: {fileID: 0}
  m_NavMeshLayer: 0
  m_StaticEditorFlags: 0
  m_IsActive: 1
--- !u!4 &2952402930266699837
Transform:
  m_ObjectHideFlags: 0
  m_CorrespondingSourceObject: {fileID: 0}
  m_PrefabInstance: {fileID: 0}
  m_PrefabAsset: {fileID: 0}
  m_GameObject: {fileID: 8968722469360101767}
  m_LocalRotation: {x: 0, y: 0, z: 1, w: 0}
  m_LocalPosition: {x: 1.077, y: 0.238, z: 0.212}
  m_LocalScale: {x: 1.0293186, y: 1.0293186, z: 1.0293186}
  m_Children: []
  m_Father: {fileID: 6576834943014642865}
  m_RootOrder: 3
  m_LocalEulerAnglesHint: {x: 0, y: 0, z: 180}
--- !u!33 &3077876813580793574
MeshFilter:
  m_ObjectHideFlags: 0
  m_CorrespondingSourceObject: {fileID: 0}
  m_PrefabInstance: {fileID: 0}
  m_PrefabAsset: {fileID: 0}
  m_GameObject: {fileID: 8968722469360101767}
  m_Mesh: {fileID: 4856253979630987190, guid: 1a6f722f7af04f847b0d94b84d675aa0, type: 3}
--- !u!23 &7549648102712065875
MeshRenderer:
  m_ObjectHideFlags: 0
  m_CorrespondingSourceObject: {fileID: 0}
  m_PrefabInstance: {fileID: 0}
  m_PrefabAsset: {fileID: 0}
  m_GameObject: {fileID: 8968722469360101767}
  m_Enabled: 1
  m_CastShadows: 1
  m_ReceiveShadows: 1
  m_DynamicOccludee: 1
  m_MotionVectors: 1
  m_LightProbeUsage: 1
  m_ReflectionProbeUsage: 1
  m_RenderingLayerMask: 1
  m_RendererPriority: 0
  m_Materials:
  - {fileID: 2100000, guid: af5605eb117a6ad4788aaead967659aa, type: 2}
  m_StaticBatchInfo:
    firstSubMesh: 0
    subMeshCount: 0
  m_StaticBatchRoot: {fileID: 0}
  m_ProbeAnchor: {fileID: 0}
  m_LightProbeVolumeOverride: {fileID: 0}
  m_ScaleInLightmap: 1
  m_ReceiveGI: 1
  m_PreserveUVs: 0
  m_IgnoreNormalsForChartDetection: 0
  m_ImportantGI: 0
  m_StitchLightmapSeams: 1
  m_SelectedEditorRenderState: 3
  m_MinimumChartSize: 4
  m_AutoUVMaxDistance: 0.5
  m_AutoUVMaxAngle: 89
  m_LightmapParameters: {fileID: 0}
  m_SortingLayerID: 0
  m_SortingLayer: 0
  m_SortingOrder: 0
--- !u!1001 &6477362350816890530
PrefabInstance:
  m_ObjectHideFlags: 0
  serializedVersion: 2
  m_Modification:
    m_TransformParent: {fileID: 6712689227972000336}
    m_Modifications:
    - target: {fileID: 1346724000107308242, guid: aefed3d084dfb3e4eace02e66a05636f,
        type: 3}
      propertyPath: m_Name
      value: Repair
      objectReference: {fileID: 0}
    - target: {fileID: 1346724000107308241, guid: aefed3d084dfb3e4eace02e66a05636f,
        type: 3}
      propertyPath: m_LocalPosition.x
      value: 1.93
      objectReference: {fileID: 0}
    - target: {fileID: 1346724000107308241, guid: aefed3d084dfb3e4eace02e66a05636f,
        type: 3}
      propertyPath: m_LocalPosition.y
      value: 3.81
      objectReference: {fileID: 0}
    - target: {fileID: 1346724000107308241, guid: aefed3d084dfb3e4eace02e66a05636f,
        type: 3}
      propertyPath: m_LocalPosition.z
      value: -0.74
      objectReference: {fileID: 0}
    - target: {fileID: 1346724000107308241, guid: aefed3d084dfb3e4eace02e66a05636f,
        type: 3}
      propertyPath: m_LocalRotation.x
      value: 0
      objectReference: {fileID: 0}
    - target: {fileID: 1346724000107308241, guid: aefed3d084dfb3e4eace02e66a05636f,
        type: 3}
      propertyPath: m_LocalRotation.y
      value: 0
      objectReference: {fileID: 0}
    - target: {fileID: 1346724000107308241, guid: aefed3d084dfb3e4eace02e66a05636f,
        type: 3}
      propertyPath: m_LocalRotation.z
      value: 0
      objectReference: {fileID: 0}
    - target: {fileID: 1346724000107308241, guid: aefed3d084dfb3e4eace02e66a05636f,
        type: 3}
      propertyPath: m_LocalRotation.w
      value: 1
      objectReference: {fileID: 0}
    - target: {fileID: 1346724000107308241, guid: aefed3d084dfb3e4eace02e66a05636f,
        type: 3}
      propertyPath: m_RootOrder
      value: 3
      objectReference: {fileID: 0}
    - target: {fileID: 1346724000107308241, guid: aefed3d084dfb3e4eace02e66a05636f,
        type: 3}
      propertyPath: m_LocalEulerAnglesHint.x
      value: 0
      objectReference: {fileID: 0}
    - target: {fileID: 1346724000107308241, guid: aefed3d084dfb3e4eace02e66a05636f,
        type: 3}
      propertyPath: m_LocalEulerAnglesHint.y
      value: 0
      objectReference: {fileID: 0}
    - target: {fileID: 1346724000107308241, guid: aefed3d084dfb3e4eace02e66a05636f,
        type: 3}
      propertyPath: m_LocalEulerAnglesHint.z
      value: 0
      objectReference: {fileID: 0}
    - target: {fileID: 1346724000155935971, guid: aefed3d084dfb3e4eace02e66a05636f,
        type: 3}
      propertyPath: m_Materials.Array.data[0]
      value: 
      objectReference: {fileID: 2100000, guid: 179b7016825007046898cdaf05efc345, type: 2}
    m_RemovedComponents: []
  m_SourcePrefab: {fileID: 100100000, guid: aefed3d084dfb3e4eace02e66a05636f, type: 3}
--- !u!1 &5428157972457826928 stripped
GameObject:
  m_CorrespondingSourceObject: {fileID: 1346724000107308242, guid: aefed3d084dfb3e4eace02e66a05636f,
    type: 3}
  m_PrefabInstance: {fileID: 6477362350816890530}
  m_PrefabAsset: {fileID: 0}
--- !u!4 &5428157972457826931 stripped
Transform:
  m_CorrespondingSourceObject: {fileID: 1346724000107308241, guid: aefed3d084dfb3e4eace02e66a05636f,
    type: 3}
  m_PrefabInstance: {fileID: 6477362350816890530}
  m_PrefabAsset: {fileID: 0}
--- !u!1001 &7045963338606779097
PrefabInstance:
  m_ObjectHideFlags: 0
  serializedVersion: 2
  m_Modification:
    m_TransformParent: {fileID: 6712689227972000336}
    m_Modifications:
    - target: {fileID: 4011243636112533019, guid: 4c8363ef05dc371448b3102d0b684f54,
        type: 3}
      propertyPath: m_LocalPosition.x
      value: 1.73
      objectReference: {fileID: 0}
    - target: {fileID: 4011243636112533019, guid: 4c8363ef05dc371448b3102d0b684f54,
        type: 3}
      propertyPath: m_LocalPosition.y
      value: 2.71
      objectReference: {fileID: 0}
    - target: {fileID: 4011243636112533019, guid: 4c8363ef05dc371448b3102d0b684f54,
        type: 3}
      propertyPath: m_LocalPosition.z
      value: -1.87
      objectReference: {fileID: 0}
    - target: {fileID: 4011243636112533019, guid: 4c8363ef05dc371448b3102d0b684f54,
        type: 3}
      propertyPath: m_LocalRotation.x
      value: -0
      objectReference: {fileID: 0}
    - target: {fileID: 4011243636112533019, guid: 4c8363ef05dc371448b3102d0b684f54,
        type: 3}
      propertyPath: m_LocalRotation.y
      value: -0.70710576
      objectReference: {fileID: 0}
    - target: {fileID: 4011243636112533019, guid: 4c8363ef05dc371448b3102d0b684f54,
        type: 3}
      propertyPath: m_LocalRotation.z
      value: -0
      objectReference: {fileID: 0}
    - target: {fileID: 4011243636112533019, guid: 4c8363ef05dc371448b3102d0b684f54,
        type: 3}
      propertyPath: m_LocalRotation.w
      value: 0.70710784
      objectReference: {fileID: 0}
    - target: {fileID: 4011243636112533019, guid: 4c8363ef05dc371448b3102d0b684f54,
        type: 3}
      propertyPath: m_RootOrder
      value: 2
      objectReference: {fileID: 0}
    - target: {fileID: 4011243636112533019, guid: 4c8363ef05dc371448b3102d0b684f54,
        type: 3}
      propertyPath: m_LocalEulerAnglesHint.x
      value: 0
      objectReference: {fileID: 0}
    - target: {fileID: 4011243636112533019, guid: 4c8363ef05dc371448b3102d0b684f54,
        type: 3}
      propertyPath: m_LocalEulerAnglesHint.y
      value: -90.00001
      objectReference: {fileID: 0}
    - target: {fileID: 4011243636112533019, guid: 4c8363ef05dc371448b3102d0b684f54,
        type: 3}
      propertyPath: m_LocalEulerAnglesHint.z
      value: 0
      objectReference: {fileID: 0}
    - target: {fileID: 4011243636112532994, guid: 4c8363ef05dc371448b3102d0b684f54,
        type: 3}
      propertyPath: m_Name
      value: PushBlockRepair
      objectReference: {fileID: 0}
    - target: {fileID: 4011243636112532994, guid: 4c8363ef05dc371448b3102d0b684f54,
        type: 3}
      propertyPath: m_IsActive
      value: 0
      objectReference: {fileID: 0}
    m_RemovedComponents: []
  m_SourcePrefab: {fileID: 100100000, guid: 4c8363ef05dc371448b3102d0b684f54, type: 3}
--- !u!1 &6224685549024558299 stripped
GameObject:
  m_CorrespondingSourceObject: {fileID: 4011243636112532994, guid: 4c8363ef05dc371448b3102d0b684f54,
    type: 3}
  m_PrefabInstance: {fileID: 7045963338606779097}
  m_PrefabAsset: {fileID: 0}
--- !u!4 &6224685549024558274 stripped
Transform:
  m_CorrespondingSourceObject: {fileID: 4011243636112533019, guid: 4c8363ef05dc371448b3102d0b684f54,
    type: 3}
  m_PrefabInstance: {fileID: 7045963338606779097}
  m_PrefabAsset: {fileID: 0}
